@INPROCEEDINGS{Yoshioka2015,
author={T. {Yoshioka} and \underline{S. {Karita}} and T. {Nakatani}},
booktitle={2015 IEEE International Conference on Acoustics, Speech and Signal Processing (ICASSP)},
title={Far-field speech recognition using CNN-DNN-HMM with convolution in time},
year={2015},
volume={},
number={},
pages={4360-4364},
keywords={convolution;hidden Markov models;neural nets;speech recognition;far-field speech recognition;convolutional neural networks;deep neural networks;hidden Markov model;CNN-DNN-HMM;time convolution;spectral energy;time axis;short time correlations;feature vectors;signal-space dereverberation;Convolution;Hidden Markov models;Speech recognition;Speech;Reverberation;Neural networks;Far-field speech recognition;reverberation;convolutional neural network;deep neural network},
doi={10.1109/ICASSP.2015.7178794},
ISSN={1520-6149},
month={April},}

@INPROCEEDINGS{karita_icmew2015,
author={\underline{S. {Karita}} and K. {Nakamura} and K. {Kono} and Y. {Ito} and N. {Babaguchi}},
booktitle={2015 IEEE International Conference on Multimedia Expo Workshops (ICMEW)},
title={Owner authentication for mobile devices using motion gestures based on multi-owner template update},
year={2015},
volume={},
number={},
pages={1-6},
keywords={biometrics (access control);gesture recognition;mobile computing;pattern clustering;security of data;smart phones;owner authentication;mobile devices;multiowner template update;template updating method;behavioral biometric authentication;hand motion gesture;K-Medoid based clustering algorithm;supervised K-Medoid;false-rejection-rate;FRR;false-acceptance-rate;FAR;equal-error-rate;EER;arm motion gesture;Servers;Wrist;Accuracy;owner authentication;mobile device;motion gesture;template update;supervised K-Medoids},
doi={10.1109/ICMEW.2015.7169873},
ISSN={},
month={June},}


@INPROCEEDINGS{7895553,
author={S. {Araki} and N. {Ito} and M. {Delcroix} and A. {Ogawa} and K. {Kinoshita} and T. {Higuchi} and T. {Yoshioka} and D. {Tran} and \underline{S. {Karita}} and T. {Nakatani}},
booktitle={2017 Hands-free Speech Communications and Microphone Arrays (HSCMA)},
title={Online meeting recognition in noisy environments with time-frequency mask based MVDR beamforming},
year={2017},
volume={},
number={},
pages={16-20},
keywords={array signal processing;neural nets;speaker recognition;speech intelligibility;statistical distributions;time-frequency analysis;noisy environment;time-frequency mask-based MVDR beamforming;online meeting recognition prototype;speech enhancement;mask-based minimum variance distortionless response beamformer;state-of-the-art DNN-based automatic speech recognition system;state-of-the-art deep neural network ASR system;steering vector estimation;probabilistic spatial dictionary;pre-trained probability distribution;source location;speaker location;mask estimation;Prototypes;Speech recognition;Estimation;Dictionaries;Noise measurement;Speech enhancement;Speech;Meeting recognition;multi-speaker conversational speech;mask-based MVDR beamformer;diarization},
doi={10.1109/HSCMA.2017.7895553},
ISSN={},
month={March},}


@inproceedings{Karita2017,
  author={\underline{S. Karita} and Atsunori Ogawa and Marc Delcroix and Tomohiro Nakatani},
  title={Forward-Backward Convolutional LSTM for Acoustic Modeling},
  year=2017,
  booktitle={Proc. Interspeech 2017},
  pages={1601--1605},
  doi={10.21437/Interspeech.2017-554},
  url={http://dx.doi.org/10.21437/Interspeech.2017-554}
}


@inproceedings{Tran2017,
  author={Dung T. Tran and Marc Delcroix and \underline{S. Karita} and Michael Hentschel and Atsunori Ogawa and Tomohiro Nakatani},
  title={Unfolded Deep Recurrent Convolutional Neural Network with Jump Ahead Connections for Acoustic Modeling},
  year=2017,
  booktitle={Proc. Interspeech 2017},
  pages={1596--1600},
  doi={10.21437/Interspeech.2017-873},
  url={http://dx.doi.org/10.21437/Interspeech.2017-873}
}



@INPROCEEDINGS{karita_icassp2018,
author={\underline{S. {Karita}} and A. {Ogawa} and M. {Delcroix} and T. {Nakatani}},
booktitle={2018 IEEE International Conference on Acoustics, Speech and Signal Processing (ICASSP)},
title={SEQUENCE TRAINING OF ENCODER-DECODER MODEL USING POLICY GRADIENT FOR END- TO-END SPEECH RECOGNITION},
year={2018},
volume={},
number={},
pages={5839-5843},
keywords={entropy;learning (artificial intelligence);sequential decoding;speech coding;speech recognition;encoder-decoder model;hidden Markov model-based ASR;end-to-end automatic speech recognition;word error rate;WER;sequence training algorithms;sequence-level error reduction;state-level minimum Bayes risk;sMBR;HMM-based approaches;sequence-level evaluation metric;policy gradient objective function;decoding;cross entropy training;Tedlium corpus;Decoding;Training;Hidden Markov models;Earth Observing System;Linear programming;Measurement;Computational modeling;end-to-end speech recognition;encoder-decoder model;policy gradient;sequence training;Tedlium},
doi={10.1109/ICASSP.2018.8462245},
ISSN={2379-190X},
month={April},}

@INPROCEEDINGS{ogawa_icassp2018,
author={A. {Ogawa} and M. {Delcroix} and \underline{S. {Karita}} and T. {Nakatani}},
booktitle={2018 IEEE International Conference on Acoustics, Speech and Signal Processing (ICASSP)},
title={Rescoring N-Best Speech Recognition List Based on One-on-One Hypothesis Comparison Using Encoder-Classifier Model},
year={2018},
volume={},
number={},
pages={6099-6103},
keywords={feedforward neural nets;pattern classification;probability;speech coding;speech recognition;hypothesis comparison;encoder-classifier model;word error rates;feedforward NN-based binary-class classifier network;feature vector sequences;EC model;LSTM-based language model;feature vector dimension;neural networks;WERs;long short-term memory-based encoder network;binary-class probabilities;large scale speech corpus;LSTMLM baseline;rescoring N-best speech recognition hypothesis list;Training;Artificial neural networks;Speech recognition;Training data;Gold;Data models;Speech recognition;N-best list;N-best rescoring;one-on-one hypothesis comparison;encoder-classifier model},
doi={10.1109/ICASSP.2018.8461405},
ISSN={2379-190X},
month={April},}

@INPROCEEDINGS{8461850,
author={T. {Higuchi} and K. {Kinoshita} and N. {Ito} and \underline{S. {Karita}} and T. {Nakatani}},
booktitle={2018 IEEE International Conference on Acoustics, Speech and Signal Processing (ICASSP)},
title={Frame-by-Frame Closed-Form Update for Mask-Based Adaptive MVDR Beamforming},
year={2018},
volume={},
number={},
pages={531-535},
keywords={array signal processing;recurrent neural nets;speech recognition;frame-by-frame update rule;uni-directional recurrent neural network-based mask estimation;mask-based MVDR beamformer;time frame;frame-by-frame beamformer outperforms baseline block-wise;frame-by-frame closed-form update;mask-based adaptive MVDR beamforming;beamforming approaches;time-frequency masks;noise robust automatic speech recognition;spatial statistics;target speech;noise signals;blockwise processing;frame-by-frame processing;mask-based minimum variance distortion-less response beamformer;batch processing;Covariance matrices;Estimation;Time-frequency analysis;Array signal processing;Noise measurement;Delay effects;Neural networks;Speech enhancement;beamforming;online processing;time-frequency masking},
doi={10.1109/ICASSP.2018.8461850},
ISSN={2379-190X},
month={April},}


@inproceedings{Karita_interspeech2018,
  author={\underline{S. Karita} and Shinji Watanabe and Tomoharu Iwata and Atsunori Ogawa and Marc Delcroix},
  title={Semi-Supervised End-to-End Speech Recognition},
  year=2018,
  booktitle={Proc. Interspeech 2018},
  pages={2--6},
  doi={10.21437/Interspeech.2018-1746},
  url={http://dx.doi.org/10.21437/Interspeech.2018-1746}
}


@inproceedings{Watanabe2018,
  author={Shinji Watanabe and Takaaki Hori and \underline{S. Karita} and Tomoki Hayashi and Jiro Nishitoba and Yuya Unno and Nelson {Enrique Yalta Soplin} and Jahn Heymann and Matthew Wiesner and Nanxin Chen and Adithya Renduchintala and Tsubasa Ochiai},
  title={ESPnet: End-to-End Speech Processing Toolkit},
  year=2018,
  booktitle={Proc. Interspeech 2018},
  pages={2207--2211},
  doi={10.21437/Interspeech.2018-1456},
  url={http://dx.doi.org/10.21437/Interspeech.2018-1456}
}

@inproceedings{Delcroix2018,
  author={Marc Delcroix and Shinji Watanabe and Atsunori Ogawa and \underline{S. Karita} and Tomohiro Nakatani},
  title={Auxiliary Feature Based Adaptation of End-to-end ASR Systems},
  year=2018,
  booktitle={Proc. Interspeech 2018},
  pages={2444--2448},
  doi={10.21437/Interspeech.2018-1438},
  url={http://dx.doi.org/10.21437/Interspeech.2018-1438}
}


@INPROCEEDINGS{karita_icassp2019,
author={\underline{S. {Karita}} and S. {Watanabe} and T. {Iwata} and M. {Delcroix} and A. {Ogawa} and T. {Nakatani}},
booktitle={2019 IEEE International Conference on Acoustics, Speech and Signal Processing (ICASSP)},
title={Semi-supervised End-to-end Speech Recognition Using Text-to-speech and Autoencoders},
year={2019},
volume={},
number={},
pages={6166-6170},
keywords={Decoding;Training;Computational modeling;Data models;Speech recognition;Speech coding;Switches;speech recognition;semi-supervised learning;autoencoder;encoder-decoder},
doi={10.1109/ICASSP.2019.8682890},
ISSN={2379-190X},
month={May},}
