@INPROCEEDINGS{karita_interspeech2019_tutorial,
author={T. {Hori} and T. {Hayashi} and \underline{S. {Karita}} and S. {Watanabe}},
booktitle={INTERSPEECH 2019 Tutorial},
title={Advanced methods for neural end-to-end speech processing â€“ unification, integration, and implementation},
year={2019},
volume={},
number={},
pages={},
month={September},}
